% http://www.nxp.com/documents/data_sheet/MF1S50YYX.pdf
@manual{mifare-sheet,
    organization  = "NXP Semiconductors",
    title         = "MIFARE Classic 1K - Mainstream contactless smart card IC for fast and easy solution development",
    number        = "MF1S50YYX",
    year          =  2011,
    month         =  5,    
    note          = "Rev. 3"
}

% http://www.crisptelecom.com/files/mifarecl.pdf
@article{cid10,
    author        = "Keith E. Mayes, Carlos Cid",
    title         = "{The MIFARE Classic Story}",
    journal       = "{Information Security Technical Report}",
    volume        = 15,
    year          = "February 2010"
}

@manual{weisstein1,
    author   = {Weisstein, Eric W.},
    title    = "Berlekamp-Massey Algorithm. From MathWorld --- A Wolfram Web Resource",
    url      = {\url{http://mathworld.wolfram.com/Berlekamp-MasseyAlgorithm.html}},
    note     = {Last visited on 23/4/2016},
}

@article{canniere,
    author = {Christophe De Canniere and Bart Preneel},
    title = {TRIVIUM Specifications},
    journal = {eSTREAM, ECRYPT Stream Cipher Project},
    year = {2006},
    volume = {2006}
}

% http://www.nxp.com/documents/application_note/AN1304.pdf
@manual{an1304,
    organization  = "NXP Semiconductors",
    title         = "NFC Type MIFARE Classic Tag Operation",
    number        = "AN1304",
    year          =  2012,
    month         =  10,    
    note          = "Rev. 1.3"
}

% https://www.nxp.com/documents/data_sheet/MF1S70YYX.pdf
@manual{mifare4k-sheet,
    organization  = "NXP Semiconductors",
    title         = "MIFARE Classic 4K - Mainstream contactless smart card IC for fast and easy solution development",
    number        = "MF1S50YYX",
    year          =  2011,
    month         =  5,    
    note          = "Rev. 3"
}

% http://www.cs.virginia.edu/~evans/pubs/usenix08/usenix08.pdf
@inproceedings{nohl08,
 author = {Nohl, Karsten and Evans, David and Starbug and Pl\"{o}tz, Henryk},
 title = {{Reverse-engineering a Cryptographic RFID Tag}},
 booktitle = {Proceedings of the 17th Conference on Security Symposium},
 series = {SS'08},
 year = {2008},
 location = {San Jose, CA},
 pages = {185--193},
 numpages = {9},
 url = {http://dl.acm.org/citation.cfm?id=1496711.1496724},
 acmid = {1496724},
 publisher = {USENIX Association},
 address = {Berkeley, CA, USA},
}

% http://www.doc.ic.ac.uk/~mgv98/MIFARE_files/report.pdf
@article{tan09,
   author = {Wee Hon Tan},
   title = {{Practical attacks on MIFARE Classic}},
   year = {2007},
   month = 9,
   journal = {{Imperial College London}},
   publisher = {Imperial College London},
}

% https://nfc-wisp.wikispaces.com/file/view/fcd-14443-2.pdf
@techreport{iso14443-2,
  type = {Standard},
  key = {ISO 14443:2008(E)},
  author = "ISO",
  month = 11,
  year = {2008},
  title = {{Identification cards – Contactless integrated circuit(s) cards – Proximity cards, Radio frequency power and signal interface}},
  volume = {2008},
  address = {Geneva, CH},
  institution = {International Organization for Standardization}
}

% http://wg8.de/wg8n1496_17n3613_Ballot_FCD14443-3.pdf
@techreport{iso14443-3,
  type = {Standard},
  key = {ISO 14443:2008(E)},
  author = "ISO",
  month = 11,
  year = {2008},
  title = {{Identification cards – Contactless integrated circuit(s) cards – Proximity cards, Initialization and anticollision}},
  volume = {2008},
  address = {Geneva, CH},
  institution = {International Organization for Standardization}
}

@techreport{iso14443-4,
  type = {Standard},
  key = {ISO 14443:2008(E)},
  author = "ISO",
  month = 11,
  year = {2008},
  title = {{Identification cards – Contactless integrated circuit(s) cards – Proximity cards, Transmission protocol}},
  volume = {2008},
  address = {Geneva, CH},
  institution = {International Organization for Standardization}
}

% https://www.youtube.com/watch?v=QJyxUvMGLr0
@misc{nohl08_yt,
  title = {Little Security, Despite Obscurity},
  date = {2007},
  organization = {YouTube},
  author = {Henryk Plötz and Karsten Nohl},
  series = {{Chaos Communication Congress}}
}

@inproceedings{garcia09,
 author = {Garcia, Flavio D. and Rossum, Peter van and Verdult, Roel and Schreur, Ronny Wichers},
 title = {Wirelessly Pickpocketing a Mifare Classic Card},
 booktitle = {Proceedings of the 2009 30th IEEE Symposium on Security and Privacy},
 series = {SP '09},
 year = {2009},
 isbn = {978-0-7695-3633-0},
 pages = {3--15},
 numpages = {13},
 url = {http://dx.doi.org/10.1109/SP.2009.6},
 doi = {10.1109/SP.2009.6},
 acmid = {1608120},
 publisher = {IEEE Computer Society},
 address = {Washington, DC, USA},
 keywords = {RFID, Mifare Classic, side-channel attack, CRYPTO1, Contactless smartcard},
} 

% https://eprint.iacr.org/2009/137.pdf
@misc{curtois09,
    author = {Nicolas T. Courtois},
    title = {{The Dark Side of Security by Obscurity and Cloning MiFare Classic Rail and Building Passes Anywhere, Anytime}},
    howpublished = {Cryptology ePrint Archive, Report 2009/137},
    year = {2009},
}

@misc{gupta,
  title = {{Hacking Mifare Classic}},
  author = {{Kishan Gupta}},
  howpublished = {\url{http://goo.gl/0iDlqW}},
  note = {Accessed: 2016-05-14}
}